<?xml version="1.0" encoding="utf-8"?>
<record xmlns="http://www.loc.gov/MARC21/slim" xmlns:xsi="http://www.w3.org/2001/XMLSchema-instance" xsi:schemaLocation="http://www.loc.gov/MARC21/slim http://www.loc.gov/standards/marcxml/schema/MARC21slim.xsd">
	<leader>     nam a22     Mi 4500</leader>
	<controlfield tag="001">b12763378</controlfield>
	<controlfield tag="003">LeBAU</controlfield>
	<controlfield tag="006">m        d        </controlfield>
	<controlfield tag="007">cr cn |||m|||a</controlfield>
	<controlfield tag="008">180604s1955    sy abef ob    ||0 0 ara d</controlfield>
	<datafield ind1=" " ind2=" " tag="040">
		<subfield code="a">ZYU</subfield>
		<subfield code="b">ara</subfield>
		<subfield code="e">rda</subfield>
		<subfield code="c">ZYU</subfield>
	</datafield>
	<datafield ind1="0" ind2="4" tag="082">
		<subfield code="a">728.81</subfield>
		<subfield code="2">20</subfield>
	</datafield>
	<datafield ind1="1" ind2=" " tag="100">
		<subfield code="6">880-01</subfield>
		<subfield code="a">Rafeq, Abdul-Karim,</subfield>
		<subfield code="e">author.</subfield>
	</datafield>
	<datafield ind1="1" ind2="0" tag="245">
		<subfield code="6">880-02</subfield>
		<subfield code="a">Qalʻat Samʻān :</subfield>
		<subfield code="b">risālah jāmi‘īyah /</subfield>
		<subfield code="c">‘Abd al-Karīm Rāfiq ; u‘iddat bi-ishrāf al-Duktūr Jūrj Ḥaddād.</subfield>
	</datafield>
	<datafield ind1=" " ind2="0" tag="264">
		<subfield code="6">880-03</subfield>
		<subfield code="a">Dimashq :</subfield>
		<subfield code="b">al-Jāmiʻah al-Sūrīyah, Kullīyat al-Ādāb,</subfield>
		<subfield code="c">1955.</subfield>
	</datafield>
	<datafield ind1=" " ind2=" " tag="300">
		<subfield code="6">880-04</subfield>
		<subfield code="a">online resource (29 leaves, 2 unnumbered leaves of plates) :</subfield>
		<subfield code="b">illustrations, map, plan</subfield>
	</datafield>
	<datafield ind1=" " ind2=" " tag="336">
		<subfield code="a">text</subfield>
		<subfield code="2">rdacontent</subfield>
	</datafield>
	<datafield ind1=" " ind2=" " tag="337">
		<subfield code="a">computer</subfield>
		<subfield code="2">rdamedia</subfield>
	</datafield>
	<datafield ind1=" " ind2=" " tag="338">
		<subfield code="a">online resource</subfield>
		<subfield code="2">rdacarrier</subfield>
	</datafield>
	<datafield ind1=" " ind2=" " tag="500">
		<subfield code="a">Part of the Arabic Collections Online (ACO) project, contributed by American University of Beirut's Jafet Memorial Library.</subfield>
	</datafield>
	<datafield ind1=" " ind2=" " tag="504">
		<subfield code="a">يتضمن مراجع ببليوغرافية (صفحة 28-29)</subfield>
	</datafield>
	<datafield ind1=" " ind2=" " tag="533">
		<subfield code="a">Electronic reproduction.</subfield>
		<subfield code="b">New York, N.Y. :</subfield>
		<subfield code="c">New York University,</subfield>
		<subfield code="d">2018.</subfield>
		<subfield code="5">NNU</subfield>
	</datafield>
	<datafield ind1="0" ind2="4" tag="600">
		<subfield code="a">سمعان العمودي</subfield>
		<subfield code="c">القديس،</subfield>
		<subfield code="d">-459.</subfield>
	</datafield>
	<datafield ind1="0" ind2="0" tag="600">
		<subfield code="a">Simeon Stylites,</subfield>
		<subfield code="c">Saint,</subfield>
		<subfield code="d">-459.</subfield>
	</datafield>
	<datafield ind1="1" ind2="4" tag="610">
		<subfield code="a">قلعة سمعان (حلب، سوريا)</subfield>
	</datafield>
	<datafield ind1="1" ind2="0" tag="610">
		<subfield code="a">Qalʻat Simʻān (Syria)</subfield>
	</datafield>
	<datafield ind1=" " ind2="4" tag="650">
		<subfield code="a">الآثار المسيحية</subfield>
		<subfield code="z">سوريا</subfield>
		<subfield code="z">قلعة سمعان.</subfield>
	</datafield>
	<datafield ind1=" " ind2="0" tag="650">
		<subfield code="a">Christian antiquities</subfield>
		<subfield code="z">Syria</subfield>
		<subfield code="z">Qalʻat Simʻān.</subfield>
	</datafield>
	<datafield ind1="1" ind2=" " tag="700">
		<subfield code="6">880-05</subfield>
		<subfield code="a">Ḥaddād, Jūrj,</subfield>
		<subfield code="e">thesis advisor.</subfield>
	</datafield>
	<datafield ind1="2" ind2=" " tag="710">
		<subfield code="a">Jafet Memorial Library.</subfield>
	</datafield>
	<datafield ind1="0" ind2=" " tag="730">
		<subfield code="a">Arabic Collections Online.</subfield>
	</datafield>
	<datafield ind1="0" ind2="8" tag="776">
		<subfield code="i">Print version:</subfield>
		<subfield code="a">Rafeq, Abdul-Karim, author.</subfield>
		<subfield code="t">Qalʻat Samʻān</subfield>
		<subfield code="w">(LeBAU)b12763378</subfield>
	</datafield>
	<datafield ind1="4" ind2="0" tag="856">
		<subfield code="u">http://hdl.handle.net/2333.1/0p2ngn8g</subfield>
	</datafield>
	<datafield ind1="1" ind2=" " tag="880">
		<subfield code="6">100-01</subfield>
		<subfield code="a">رافق، عبد الكريم،</subfield>
		<subfield code="e">مؤلف. </subfield>
		<subfield code="4">aut.</subfield>
	</datafield>
	<datafield ind1="1" ind2="0" tag="880">
		<subfield code="6">245-02</subfield>
		<subfield code="a">قلعة سمعان :</subfield>
		<subfield code="b">رسالة جامعية /</subfield>
		<subfield code="c">عبد الكريم رافق ؛ أعدت بإشراف الدكتور جورج حداد.</subfield>
	</datafield>
	<datafield ind1=" " ind2="0" tag="880">
		<subfield code="6">264-03</subfield>
		<subfield code="a">دمشق :</subfield>
		<subfield code="b">الجامعة السورية، كلية الآداب،</subfield>
		<subfield code="c">1955.</subfield>
	</datafield>
	<datafield ind1=" " ind2=" " tag="880">
		<subfield code="6">300-04</subfield>
		<subfield code="a">29 صفحة، 2 ورقة لوحات غير مرقمة :</subfield>
		<subfield code="b">مصورات، خريطة، مخطط هندسي ؛</subfield>
		<subfield code="c">32 سم</subfield>
	</datafield>
	<datafield ind1="1" ind2=" " tag="880">
		<subfield code="6">700-05</subfield>
		<subfield code="a">حداد، جورج،</subfield>
		<subfield code="e">مشرف أطروحة. </subfield>
		<subfield code="4">ths.</subfield>
	</datafield>
	<datafield ind1=" " ind2=" " tag="959">
		<subfield code="a">NNU</subfield>
		<subfield code="b">WEB</subfield>
		<subfield code="c">GENI</subfield>
		<subfield code="t">0</subfield>
		<subfield code="m">Electronic access</subfield>
		<subfield code="s">01</subfield>
	</datafield>
	<datafield ind1=" " ind2=" " tag="999">
		<subfield code="i">LeBAU_b12763378</subfield>
		<subfield code="s">aub_aco001794</subfield>
		<subfield code="e">(ERROR-MISC)</subfield>
	</datafield>
</record>
